<?xml version="1.0" encoding="UTF-8" ?>
<collection xmlns:xsi="http://www.w3.org/2001/XMLSchema-instance"
    xsi:schemaLocation="http://www.loc.gov/MARC21/slim
        http://www.loc.gov/standards/marcxml/schema/MARC21slim.xsd"
    xmlns="http://www.loc.gov/MARC21/slim">
<record>
  <leader>00257cam a2200493 i 4500</leader>
  <controlfield tag="001">b12525649</controlfield>
  <controlfield tag="003">LeBAU</controlfield>
  <controlfield tag="005">20130918</controlfield>
  <controlfield tag="008">970718s1904    ua            ||0 d ara d</controlfield>
  <datafield tag="035" ind1=" " ind2=" ">
    <subfield code="a">ocn784382526</subfield>
  </datafield>
  <datafield tag="040" ind1=" " ind2=" ">
    <subfield code="a">LEAUB</subfield>
    <subfield code="b">ara</subfield>
    <subfield code="e">rda</subfield>
    <subfield code="c">LEAUB</subfield>
    <subfield code="d">LEAUB</subfield>
  </datafield>
  <datafield tag="041" ind1="1" ind2=" ">
    <subfield code="a">ara</subfield>
    <subfield code="h">fre</subfield>
  </datafield>
  <datafield tag="082" ind1="0" ind2="4">
    <subfield code="a">848</subfield>
    <subfield code="2">20</subfield>
  </datafield>
  <datafield tag="100" ind1="1" ind2=" ">
    <subfield code="6">880-01</subfield>
    <subfield code="a">Corneille, Pierre,</subfield>
    <subfield code="d">1606-1684,</subfield>
    <subfield code="e">author.</subfield>
  </datafield>
  <datafield tag="240" ind1="1" ind2="3">
    <subfield code="a">Le Cid.</subfield>
    <subfield code="l">Arabic</subfield>
  </datafield>
  <datafield tag="245" ind1="1" ind2="0">
    <subfield code="6">880-02</subfield>
    <subfield code="a">al-Sayyid /</subfield>
    <subfield code="c">Biyīr Kūrīnī ; tarjamat Najīb al-Ḥaddād.</subfield>
  </datafield>
  <datafield tag="264" ind1=" " ind2="1">
    <subfield code="6">880-03</subfield>
    <subfield code="a">al-Iskandarīyah :</subfield>
    <subfield code="b">Maṭbaʻat Jurjī Gharzūzī,</subfield>
    <subfield code="c">1904.</subfield>
  </datafield>
  <datafield tag="300" ind1=" " ind2=" ">
    <subfield code="6">880-04</subfield>
    <subfield code="a">112 pages ;</subfield>
    <subfield code="c">17 cm</subfield>
  </datafield>
  <datafield tag="336" ind1=" " ind2=" ">
    <subfield code="a">text</subfield>
    <subfield code="b">txt</subfield>
    <subfield code="2">rdacontent</subfield>
  </datafield>
  <datafield tag="337" ind1=" " ind2=" ">
    <subfield code="a">unmediated</subfield>
    <subfield code="b">n</subfield>
    <subfield code="2">rdamedia</subfield>
  </datafield>
  <datafield tag="338" ind1=" " ind2=" ">
    <subfield code="a">volume</subfield>
    <subfield code="b">nc</subfield>
    <subfield code="2">rdacarrier</subfield>
  </datafield>
  <datafield tag="650" ind1=" " ind2="4">
    <subfield code="a">المسرحية الفرنسية (المأساة)</subfield>
  </datafield>
  <datafield tag="650" ind1=" " ind2="4">
    <subfield code="a">المسرحية الفرنسية</subfield>
    <subfield code="v">ترجمات الى العربية.</subfield>
  </datafield>
  <datafield tag="650" ind1=" " ind2="0">
    <subfield code="a">French drama (Tragedy)</subfield>
  </datafield>
  <datafield tag="650" ind1=" " ind2="0">
    <subfield code="a">French drama</subfield>
    <subfield code="v">Translations into Arabic.</subfield>
  </datafield>
  <datafield tag="655" ind1=" " ind2="4">
    <subfield code="a">مسرحية.</subfield>
  </datafield>
  <datafield tag="655" ind1=" " ind2="0">
    <subfield code="a">Drama.</subfield>
  </datafield>
  <datafield tag="700" ind1="1" ind2=" ">
    <subfield code="6">880-05</subfield>
    <subfield code="a">Ḥaddād, Najīb ibn Sulaymān,</subfield>
    <subfield code="d">1867-1899,</subfield>
    <subfield code="e">translator.</subfield>
  </datafield>
  <datafield tag="765" ind1="0" ind2=" ">
    <subfield code="6">880-08</subfield>
    <subfield code="i">ترجمة كتاب (عمل):</subfield>
    <subfield code="t">Le Cid.</subfield>
    <subfield code="d">Paris : Bordas, 1964</subfield>
    <subfield code="w">(OCoLC)03383085</subfield>
    <subfield code="w">(OCoLC)03383085</subfield>
    <subfield code="a">Translation of (work):</subfield>
  </datafield>
  <datafield tag="775" ind1="0" ind2=" ">
    <subfield code="6">880-06</subfield>
    <subfield code="t">رواية السيد : غرام وإنتقام : أدبية. تاريخية. غرامية. تشخيصية.</subfield>
    <subfield code="d">[Miṣr?] : [publisher not identified], [between 1900 and 1920?]</subfield>
    <subfield code="w">b18436687</subfield>
    <subfield code="a">Riwayat al-Sīd : Gharām wa-intiqām : adabīyah. tarīkhīyah. gharāmīyah. tamthīlīyah. tashkhīṣīyah</subfield>
  </datafield>
  <datafield tag="775" ind1="0" ind2=" ">
    <subfield code="6">880-07</subfield>
    <subfield code="t">رواية السيد : غرام وانتقام : أدبية تاريخية غرامية تشخيصية.</subfield>
    <subfield code="d">[Bayrūt] : Maṭba‘at al-Tawfīq, [between 1900 and 1960?]</subfield>
    <subfield code="w">b18380438</subfield>
    <subfield code="a">Riwayat al-Sīd : Gharām wa-intiqām : adabīyah. tarīkhīyah. gharāmīyah. tamthīlīyah. tashkhīṣīyah</subfield>
  </datafield>
  <datafield tag="852" ind1=" " ind2=" ">
    <subfield code="a">Jafet Library</subfield>
    <subfield code="e">American University of Beirut, Bliss Street , Beirut, Lebanon.</subfield>
  </datafield>
  <datafield tag="880" ind1="1" ind2=" ">
    <subfield code="6">100-01/(3/r</subfield>
    <subfield code="a">كورنيي، بيير،</subfield>
    <subfield code="d">1606-1684،</subfield>
    <subfield code="e">مؤلف. </subfield>
    <subfield code="4">aut.</subfield>
  </datafield>
  <datafield tag="880" ind1="1" ind2="3">
    <subfield code="6">245-02/(3/r</subfield>
    <subfield code="a">السيد /</subfield>
    <subfield code="c">بيير كورنيي ؛ ترجمة نجيب الحداد.</subfield>
  </datafield>
  <datafield tag="880" ind1=" " ind2="1">
    <subfield code="6">264-03/(3/r</subfield>
    <subfield code="a">الاسكندرية :</subfield>
    <subfield code="b">مطبعة جرجي غرزوزي،</subfield>
    <subfield code="c">1904.</subfield>
  </datafield>
  <datafield tag="880" ind1=" " ind2=" ">
    <subfield code="6">300-04/(3/r</subfield>
    <subfield code="a">112 صفحة ؛</subfield>
    <subfield code="c">17 سم</subfield>
  </datafield>
  <datafield tag="880" ind1="1" ind2=" ">
    <subfield code="6">700-05/(3/r</subfield>
    <subfield code="a">الحداد، نجيب بن سليمان،</subfield>
    <subfield code="d">1867-1899.</subfield>
    <subfield code="e">مترجم. </subfield>
    <subfield code="4">trl.</subfield>
  </datafield>
  <datafield tag="880" ind1="0" ind2=" ">
    <subfield code="6">775-06/(3/r</subfield>
    <subfield code="a">Riwayat al-Sīd : Gharām wa-intiqām : adabīyah. tarīkhīyah. gharāmīyah. tamthīlīyah. tashkhīṣīyah</subfield>
    <subfield code="d">[مصر؟] : [الناشر غير محدد]، [ما بين 1900 و 1920؟ ]</subfield>
    <subfield code="w">b18436687</subfield>
  </datafield>
  <datafield tag="880" ind1="0" ind2=" ">
    <subfield code="6">775-07/(3/r</subfield>
    <subfield code="a">Riwayat al-Sīd : Gharām wa-intiqām : adabīyah. tarīkhīyah. gharāmīyah. tamthīlīyah. tashkhīṣīyah</subfield>
    <subfield code="d">[بيروت] : مطبعة التوفيق، [ما بين 1900 و 1960؟] </subfield>
    <subfield code="w">b18380438</subfield>
  </datafield>
  <datafield tag="880" ind1="0" ind2=" ">
    <subfield code="6">765-08/(3/r</subfield>
    <subfield code="a">Translation of (work):</subfield>
    <subfield code="t">Le Cid.</subfield>
    <subfield code="d">Paris : Bordas, 1964</subfield>
    <subfield code="w">b1190849x</subfield>
    <subfield code="w">(OCoLC)03383085</subfield>
  </datafield>
  <datafield tag="907" ind1=" " ind2=" ">
    <subfield code="a">.b12525649</subfield>
    <subfield code="b">16-11-17</subfield>
    <subfield code="c">11-05-24</subfield>
  </datafield>
  <datafield tag="907" ind1=" " ind2=" ">
    <subfield code="a">.b12525649</subfield>
    <subfield code="b">15-10-15</subfield>
    <subfield code="c">11-05-24</subfield>
  </datafield>
  <datafield tag="945" ind1=" " ind2=" ">
    <subfield code="f">J</subfield>
    <subfield code="a">848:C813ciA:1904</subfield>
    <subfield code="g">1</subfield>
    <subfield code="i">00469974</subfield>
    <subfield code="j">.i13025338</subfield>
    <subfield code="l">u0503</subfield>
  </datafield>
  <datafield tag="998" ind1=" " ind2=" ">
    <subfield code="a">u05</subfield>
    <subfield code="b">97-07-18</subfield>
    <subfield code="c">m</subfield>
    <subfield code="d">a</subfield>
    <subfield code="e">-</subfield>
    <subfield code="f">ara</subfield>
    <subfield code="g">ua </subfield>
    <subfield code="h">0</subfield>
    <subfield code="i">1</subfield>
  </datafield>
</record>
</collection>
